@Inproceedings{kwon+:icdcs12,
	author = {Young-Woo Kwon and Eli Tilevich},
	title  ={Energy-Efficient and Fault-Tolerant Distributed Mobile Execution},
	year = {2012},
	month={June}, 
	booktitle = {Proceedings of the 32$^{nd}$ International Conference on Distributed Computing Systems (ICDCS '12)}
}

@Inproceedings{kwon+:icsm13,
	author = {Young-Woo Kwon and Eli Tilevich},
	title  ={Reducing the Energy Consumption of Mobile Applications Behind the Scenes},
	year = {2013},
	booktitle = {29$^{th}$ IEEE International Conference on Software Maintenance (ICSM '13)}
}

@inproceedings{kwon+:mobilesoft15,
  author    = {Young-Woo Kwon and Eli Tilevich},
  title     = {Facilitating the Implementation of Adaptive Cloud Offloading to Improve
               the Energy Efficiency of Mobile Applications},
  booktitle = {2015 2nd {ACM} International Conference on Mobile Software Engineering
               and Systems (MOBILESoft) 2015},
  year      = {2015},  
}

@INPROCEEDINGS{rbnb, 
author={Tilak, S. and Hubbard, P. and Miller, M. and Fountain, T.}, 
booktitle={IEEE International Conference on e-Science and Grid Computing}, 
title={The Ring Buffer Network Bus (RBNB) DataTurbine Streaming Data Middleware for Environmental Observing Systems}, 
year={2007}, 
pages={125-133}, 
keywords={data visualisation;environmental science computing;middleware;video streaming;DataTurbine streaming data middleware;acoustic Doppler current profilers;environmental observing systems;large-scale sensor-based observing systems;ring buffer network bus;Acoustic sensors;Acoustical engineering;Cameras;Face;Instruments;Large-scale systems;Middleware;Sensor systems;Streaming media;Temperature sensors}, 
doi={10.1109/E-SCIENCE.2007.73}, 
month={Dec},}

@incollection{rabbitmq,
year={2014},
isbn={978-3-319-09464-9},
booktitle={Information Sciences and Systems 2014},
editor={Czach√≥rski, Tadeusz and Gelenbe, Erol and Lent, Ricardo},
doi={10.1007/978-3-319-09465-6_42},
title={Evaluation of Fairness in Message Broker System Using Clustered Architecture and Mirrored Queues},
url={http://dx.doi.org/10.1007/978-3-319-09465-6_42},
publisher={Springer International Publishing},
keywords={Mirrored queue; Cluster node; Message broker; High availability; Fault tolerance; Load balancing; Rabbit MQ},
author={Rostanski, Maciej and Grochla, Krzysztof and Seman, Aleksander},
pages={407-417},
language={English}
}

@inproceedings{naradabrokering,
  title={Managing Grid messaging middleware},
  author={Gadgil, Harshawardhan and Fox, Geoffrey and Pallickara, Shrideep and Pierce, Marlon},
  booktitle={IEEE Challenges of Large Applications in Distributed Environments},
  pages={83--91},
  year={2006},
  organization={IEEE}
}

@article{live_video_collaboration,
  title={Live mobile collaboration for video production: design, guidelines, and requirements},
  author={de S{\'a}, Marco and Shamma, David A and Churchill, Elizabeth F},
  journal={Personal and ubiquitous computing},
  volume={18},
  number={3},
  pages={693--707},
  year={2014},
  publisher={Springer}
}

@inproceedings{coast,
  title={CoAST: collaborative application-aware scheduling of last-mile cellular traffic},
  author={Shi, Cong and Joshi, Kaustubh and Panta, Rajesh K and Ammar, Mostafa H and Zegura, Ellen W},
  booktitle={Proceedings of the 12th annual international conference on Mobile systems, applications, and services},
  pages={245--258},
  year={2014},
  organization={ACM}
}

@inproceedings{media_share,
  title={Media sharing based on colocation prediction in urban transport},
  author={McNamara, Liam and Mascolo, Cecilia and Capra, Licia},
  booktitle={Proceedings of the 14th ACM international conference on Mobile computing and networking},
  pages={58--69},
  year={2008},
  organization={ACM}
}

@inproceedings{cameo,
  title={CAMEO: A middleware for mobile advertisement delivery},
  author={Khan, Azeem J and Jayarajah, Kasthuri and Han, Dongsu and Misra, Archan and Balan, Rajesh and Seshan, Srinivasan},
  booktitle={Proceeding of the 11th annual international conference on Mobile systems, applications, and services},
  pages={125--138},
  year={2013},
  organization={ACM}
}

@article{amdahl,
  title={Amdahl's law in the multicore era},
  author={Hill, Mark D and Marty, Michael R},
  journal={Computer},
  number={7},
  pages={33--38},
  year={2008},
  publisher={IEEE}
}

@inproceedings{gameon,
  title={Gameon: P2p gaming on public transport},
  author={Zhang, Nairan and Lee, Youngki and Radhakrishnan, Meera and Balan, Rajesh Krishna},
  booktitle={Proceedings of the 13th Annual International Conference on Mobile Systems, Applications, and Services},
  pages={105--119},
  year={2015},
  organization={ACM}
}

@inproceedings{rio,
  title={Rio: a system solution for sharing i/o between mobile systems},
  author={Amiri Sani, Ardalan and Boos, Kevin and Yun, Min Hong and Zhong, Lin},
  booktitle={Proceedings of the 12th annual international conference on Mobile systems, applications, and services},
  pages={259--272},
  year={2014},
  organization={ACM}
}

@inproceedings{crowd-sourcing,
  title={Scalable crowd-sourcing of video from mobile devices},
  author={Simoens, Pieter and Xiao, Yu and Pillai, Padmanabhan and Chen, Zhuo and Ha, Kiryong and Satyanarayanan, Mahadev},
  booktitle={Proceeding of the 11th annual international conference on Mobile systems, applications, and services},
  pages={139--152},
  year={2013},
  organization={ACM}
}

@inproceedings{mobile-cloud-middleware,
 author = {Yin, Bo and Shen, Wenlong and Cai, Lin X. and Cheng, Yu},
 title = {A Mobile Cloud Computing Middleware for Low Latency Offloading of Big Data},
 booktitle = {Proceedings of the 2015 Workshop on Mobile Big Data},
 series = {Mobidata '15},
 year = {2015},
} 

@inproceedings{maui,
 author = {Cuervo, Eduardo and Balasubramanian, Aruna and Cho, Dae-Ki and Wolman, Alec and Saroiu, Stefan and Chandra, Ranveer and Bahl, Paramvir},
 title = {MAUI: making smartphones last longer with code offload},
 booktitle = {Proceedings of the 8$^{th}$ International Conference on Mobile Systems, Applications, and Services (MobiSys '10)}, 
 year = {2010},
}
@inproceedings{comet,
 author = {Gordon, Mark S. and Jamshidi, D. Anoushe and Mahlke, Scott and Mao, Z. Morley and Chen, Xu},
 title = {COMET: Code Offload by Migrating Execution Transparently},
 booktitle = {Proceedings of the 10th USENIX Conference on Operating Systems Design and Implementation},
 series = {OSDI'12},
 year = {2012},
}

@inproceedings{retro-skel,
  title={RetroSkeleton: retrofitting android apps},
  author={Davis, Benjamin and Chen, Hao},
  booktitle={Proceeding of the 11th annual international conference on Mobile systems, applications, and services},
  pages={181--192},
  year={2013},
  organization={ACM}
}

@inproceedings{fuzzy-engine,
 author = {Flores, Huber and Srirama, Satish},
 title = {Adaptive Code Offloading for Mobile Cloud Applications: Exploiting Fuzzy Sets and Evidence-based Learning},
 booktitle = {Proceeding of the Fourth ACM Workshop on Mobile Cloud Computing and Services},
 series = {MCS '13},
 year = {2013},
} 

@inproceedings{spartacus,
 author = {Sun, Zheng and Purohit, Aveek and Bose, Raja and Zhang, Pei},
 title = {Spartacus: Spatially-aware Interaction for Mobile Devices Through Energy-efficient Audio Sensing},
 booktitle = {Proceeding of the 11th Annual International Conference on Mobile Systems, Applications, and Services},
 series = {MobiSys '13},
 year = {2013},
 isbn = {978-1-4503-1672-9},
 location = {Taipei, Taiwan},
 pages = {263--276},
 numpages = {14},
 url = {http://doi.acm.org/10.1145/2462456.2464437},
 doi = {10.1145/2462456.2464437},
 acmid = {2464437},
 publisher = {ACM},
 address = {New York, NY, USA},
 keywords = {audio sensing, context aware, device pairing, gesture, interaction, mobile system, spatial interaction},
} 

@inproceedings{wifi_energy,
  title={Energy consumption in android phones when using wireless communication technologies},
  author={Kalic, Goran and Bojic, Iva and Kusek, Mario},
  booktitle={MIPRO, 2012 Proceedings of the 35th International Convention},
  pages={754--759},
  year={2012},
  organization={IEEE}
}

@inproceedings{crowd-sourcing,
 author = {Qian, Feng and Sen, Subhabrata and Spatscheck, Oliver},
 title = {Characterizing Resource Usage for Mobile Web Browsing},
 booktitle = {Proceedings of the 12th Annual International Conference on Mobile Systems, Applications, and Services},
 series = {MobiSys '14},
 year = {2014},
} 

%\bibitem{classloader}
%Fred Chung, \emph{Custom Class Loading in Dalvik}, http://android-developers.blogspot.com/2011/07/custom-class-loading-in-dalvik.html, July 2011
%
%\bibitem{stat_explain}
%\emph{/proc/stat Explained}, http://www.linuxhowtos.org/System/procstat.htm
%
%\bibitem{moosoon}
%\emph{Moosoon Power Monitor}, https://www.msoon.com/LabEquipment/Pow-erMonitor
%
%\bibitem{tinyhttpd}
%\emph{TinyHTTPd}, http://sourceforge.net/projects/tinyhttpd/
%
%
%\bibitem{alljoyn}
%AllSeen Alliance, \emph{Alljoyn Framework}, https://allseenalliance.org/frame-work
%
%\bibitem{m_p2p_tutor}
%Frank H. P. Fitzek, Hassan Charaf, \emph{Mobile Peer-to-peer (P2P): A Tutorial Guide}, Wiley, 2009
%
%
%\bibitem{crowd-sourcing}
%Pieter Simoens, Yu Xiao, Padmanabhan Pillai, Zhuo Chen, Kiryong Ha, Mahadev Satyanarayanan, \emph{Scalable crowd-sourcing of video from mobile devices}, p139-152, MobiSys 2013 
%
%%%
%\end{thebibliography}f